<record><leader>00000cas a22000007a 4500</leader><controlfield tag="001">32866384</controlfield><controlfield tag="008">950724d18741876iluwr ne      0    0eng d</controlfield><datafield ind1=" " ind2=" " tag="010"><subfield code="a">sn 95068631 </subfield></datafield><datafield ind1=" " ind2=" " tag="040"><subfield code="a">MGN</subfield><subfield code="b">eng</subfield><subfield code="c">MGN</subfield><subfield code="d">OCLCQ</subfield></datafield><datafield ind1=" " ind2=" " tag="042"><subfield code="a">msc</subfield></datafield><datafield ind1="0" ind2="0" tag="245"><subfield code="a">O'Fallon advance.</subfield></datafield><datafield ind1=" " ind2=" " tag="260"><subfield code="a">O'Fallon, Ill. :</subfield><subfield code="b">T.W. Eckert</subfield></datafield><datafield ind1=" " ind2=" " tag="300"><subfield code="a">v.</subfield></datafield><datafield ind1=" " ind2=" " tag="310"><subfield code="a">Weekly</subfield></datafield><datafield ind1="1" ind2=" " tag="362"><subfield code="a">Ceased in 1876. Cf. Scott, F.W. Newspapers and periodicals of Illinois, 1814-1879.</subfield></datafield><datafield ind1=" " ind2=" " tag="588"><subfield code="a">Description based on: Vol. 1, no. 3 (Aug. 22, 1874).</subfield></datafield><datafield ind1=" " ind2=" " tag="752"><subfield code="a">United States</subfield><subfield code="b">Illinois</subfield><subfield code="c">Saint Clair</subfield><subfield code="d">O'Fallon.</subfield></datafield></record>